<record><leader>00000cas a22000007a 4500</leader><controlfield tag="001">13049504</controlfield><controlfield tag="008">860122d19081911mtucr ne      0    0eng d</controlfield><datafield ind1=" " ind2=" " tag="010"><subfield code="a">sn 86075025 </subfield></datafield><datafield ind1=" " ind2=" " tag="040"><subfield code="a">MTL</subfield><subfield code="b">eng</subfield><subfield code="c">MTL</subfield><subfield code="d">OCLCQ</subfield></datafield><datafield ind1=" " ind2=" " tag="042"><subfield code="a">msc</subfield></datafield><datafield ind1="0" ind2="4" tag="245"><subfield code="a">The Semi-weekly stockgrowers journal.</subfield></datafield><datafield ind1="1" ind2="3" tag="246"><subfield code="a">Stockgrowers journal, the semi-weekly</subfield><subfield code="f">Jan. 4-Feb. 15, 1911</subfield></datafield><datafield ind1=" " ind2=" " tag="260"><subfield code="a">Miles City, Mont. :</subfield><subfield code="b">Journal Pub. Co.,</subfield><subfield code="c">1908-1911.</subfield></datafield><datafield ind1=" " ind2=" " tag="300"><subfield code="a">4 v. :</subfield><subfield code="b">ill. ;</subfield><subfield code="c">55-60 cm.</subfield></datafield><datafield ind1=" " ind2=" " tag="310"><subfield code="a">Semiweekly</subfield></datafield><datafield ind1="0" ind2=" " tag="362"><subfield code="a">23rd year, whole no. 1976 (Apr. 29, 1908)-26th year, whole no. 5228 (Feb. 15, 1911).</subfield></datafield><datafield ind1=" " ind2=" " tag="752"><subfield code="a">United States</subfield><subfield code="b">Montana</subfield><subfield code="c">Custer</subfield><subfield code="d">Miles City.</subfield></datafield><datafield ind1="0" ind2=" " tag="775"><subfield code="t">Daily Yellowstone journal (Miles City, Mont. : 1901)</subfield><subfield code="w">(DLC)sn 83025315</subfield></datafield><datafield ind1="0" ind2="0" tag="780"><subfield code="t">Stockgrowers journal (Miles City, Mont. : 1884)</subfield><subfield code="w">(DLC)sn 86075020</subfield></datafield><datafield ind1="0" ind2="0" tag="785"><subfield code="t">Stockgrowers journal (Miles City, Mont. : 1911)</subfield><subfield code="w">(DLC)sn 86075026</subfield></datafield></record>